@article{ruggles1947empirical,
  title={{An empirical approach to economic intelligence in World War II}},
  author={Ruggles, Richard and Brodie, Henry},
  journal={Journal of the American Statistical Association},
  volume={42},
  number={237},
  pages={72--91},
  year={1947},
  publisher={Taylor \& Francis}
}

@article{comap,
  title={How many taxis?},
  author={Goebel, John and Teague, Dan},
  journal={Consortium for Mathematics and its Applications},
  volume={72},
  year={1999},
}

@article{rivest1998chaffing,
  title={Chaffing and winnowing: Confidentiality without encryption},
  author={Rivest, Ronald L and others},
  journal={CryptoBytes (RSA laboratories)},
  volume={4},
  number={1},
  pages={12--17},
  year={1998},
  publisher={Citeseer}
}


@book{murphy2022probabilistic,
  title={Probabilistic machine learning: an introduction},
  author={Murphy, Kevin P},
  year={2022},
  publisher={MIT press}
}

@book{cocco2022statistical,
  title={From Statistical Physics to Data-Driven Modelling: with Applications to Quantitative Biology},
  author={Cocco, Simona and Monasson, R{\'e}mi and Zamponi, Francesco},
  year={2022},
  publisher={Oxford University Press}
}


@article{roberts2003did,
  title={When did the dodo become extinct?},
  author={Roberts, David L and Solow, Andrew R},
  journal={Nature},
  volume={426},
  number={6964},
  pages={245--245},
  year={2003},
  publisher={Nature Publishing Group}
}


@book{von2014bayesian,
  title={Bayesian probability theory: applications in the physical sciences},
  author={Von der Linden, Wolfgang and Dose, Volker and Von Toussaint, Udo},
  year={2014},
  publisher={Cambridge University Press}
}

@article{pearse2017statistical,
  title={A statistical estimator for determining the limits of contemporary and historic phenology},
  author={Pearse, William D and Davis, Charles C and Inouye, David W and Primack, Richard B and Davies, T Jonathan},
  journal={Nature Ecology \& Evolution},
  volume={1},
  number={12},
  pages={1876--1882},
  year={2017},
  publisher={Nature Publishing Group}
}


@article{DanischKrumbiegel2021,
  doi = {10.21105/joss.03349},
  url = {https://doi.org/10.21105/joss.03349},
  year = {2021},
  publisher = {The Open Journal},
  volume = {6},
  number = {65},
  pages = {3349},
  author = {Simon Danisch and Julius Krumbiegel},
  title = {Makie.jl: Flexible high-performance data visualization for Julia},
  journal = {Journal of Open Source Software}
}

@article{bezanson2012julia,
  title={Julia: A fast dynamic language for technical computing},
  author={Bezanson, Jeff and Karpinski, Stefan and Shah, Viral B and Edelman, Alan},
  journal={arXiv preprint arXiv:1209.5145},
  year={2012}
}


@article{roberts1967informative,
  title={Informative stopping rules and inferences about population size},
  author={Roberts, Harry V},
  journal={Journal of the American Statistical Association},
  volume={62},
  number={319},
  pages={763--775},
  year={1967},
  publisher={Taylor \& Francis}
}


@book{ghosh2006introduction,
  title={An introduction to Bayesian analysis: theory and methods},
  author={Ghosh, Jayanta K and Delampady, Mohan and Samanta, Tapas},
  volume={725},
  year={2006},
  publisher={Springer}
}


@article{hyndman1996computing,
  title={Computing and graphing highest density regions},
  author={Hyndman, Rob J},
  journal={The American Statistician},
  volume={50},
  number={2},
  pages={120--126},
  year={1996},
  publisher={Taylor \& Francis}
}



@article{fox2011distinguishing,
  title={Chapter 1: Distinguishing two dimensions of uncertainty},
  author={Fox, Craig R and {\"U}lk{\"u}men, G{\"u}lden},
  journal={Perspectives on Thinking, Judging, and Decision Making},
  year={2011}
}

@article{tang2017profiling,
  title={Profiling of short-tandem-repeat disease alleles in 12,632 human whole genomes},
  author={Tang, Haibao and Kirkness, Ewen F and Lippert, Christoph and Biggs, William H and Fabani, Martin and Guzman, Ernesto and Ramakrishnan, Smriti and Lavrenko, Victor and Kakaradov, Boyko and Hou, Claire and Hicks, Barry and Heckerman, David and Och, Franz J. and Caskey, C. Thomas and Venter, J. Craig and Telenti, Amalio},
  journal={The American Journal of Human Genetics},
  volume={101},
  number={5},
  pages={700--715},
  year={2017},
  publisher={Elsevier}
}

@article{wu2022augmenting,
  title={{Augmenting Serialized Bureaucratic Data: The Case of Chinese Courts}},
  author={Wu, Xiaohan and Roberts, Margaret E and Stern, Rachel E and Liebman, Benjamin L and Gupta, Amarnath and Sanford, Luke},
  journal={21st Century China Center Research},
  number={11},
  year={2022}
}


@article{hall2014alan,
  title={{Alan Turing, Marshall Hall, and the Alignment of WW2 Japanese Naval Intercepts}},
  author={Hall, Marshall},
  journal={Notices of the AMS},
  volume={61},
  number={3},
  year={2014}
}

@article{cheng2020estimating,
  title={Estimating the size of a hidden finite set: Large-sample behavior of estimators},
  author={Cheng, Si and Eck, Daniel J and Crawford, Forrest W},
  journal={Statistics Surveys},
  volume={14},
  pages={1--31},
  year={2020},
}


@inproceedings{katzir2011estimating,
  title={Estimating sizes of social networks via biased sampling},
  author={Katzir, Liran and Liberty, Edo and Somekh, Oren},
  booktitle={Proceedings of the 20th international conference on World wide web},
  pages={597--606},
  year={2011}
}


@book{bolstad2016introduction,
  title={Introduction to Bayesian statistics},
  author={Bolstad, William M and Curran, James M},
  year={2016},
  publisher={John Wiley \& Sons}
}

@article{van2021bayesian,
  title={Bayesian statistics and modelling},
  author={van de Schoot, Rens and Depaoli, Sarah and King, Ruth and Kramer, Bianca and M{\"a}rtens, Kaspar and Tadesse, Mahlet G and Vannucci, Marina and Gelman, Andrew and Veen, Duco and Willemsen, Joukje and Yau, Christopher},
  journal={Nature Reviews Methods Primers},
  volume={1},
  number={1},
  pages={1--26},
  year={2021},
  publisher={Nature Publishing Group}
}

@article{https://doi.org/10.1111/rssa.12378,
author = {Gabry, Jonah and Simpson, Daniel and Vehtari, Aki and Betancourt, Michael and Gelman, Andrew},
title = {{Visualization in Bayesian workflow}},
journal = {Journal of the Royal Statistical Society: Series A (Statistics in Society)},
volume = {182},
number = {2},
pages = {389-402},
keywords = {Bayesian data analysis, Statistical graphics, Statistical workflow},
doi = {https://doi.org/10.1111/rssa.12378},
url = {https://rss.onlinelibrary.wiley.com/doi/abs/10.1111/rssa.12378},
eprint = {https://rss.onlinelibrary.wiley.com/doi/pdf/10.1111/rssa.12378},
abstract = {Abstract Bayesian data analysis is about more than just computing a posterior distribution, and Bayesian visualization is about more than trace plots of Markov chains. Practical Bayesian data analysis, like all data analysis, is an iterative process of model building, inference, model checking and evaluation, and model expansion. Visualization is helpful in each of these stages of the Bayesian workflow and it is indispensable when drawing inferences from the types of modern, high dimensional models that are used by applied researchers.},
year = {2019}
}



@book{mosteller1987fifty,
  title={Fifty challenging problems in probability with solutions},
  author={Mosteller, Frederick},
  year={1987},
  publisher={Courier Corporation}
}


@misc{downey2021think,
  title={{Think Bayes 2}},
  author={Downey, Allen B},
  year={2021},
  publisher={Green Tea Press},
  howpublished={\url{https://allendowney.github.io/ThinkBayes2/index.html}}
}


@misc{bordernotes,
  title = {Lecture 18: Estimation},
  author={Border, Kim. C},
  journal={Introduction to Probability and Statistics (Class Notes)},
  year={2017},
  howpublished = {\url{https://healy.econ.ohio-state.edu/kcb/Ma103/} (2021 version)}
}


@misc{blogpost,
  title = {German Tank Problem: A Bayesian Analysis},
  author={Mark Andrews},
  howpublished = {\url{https://www.mjandrews.org/blog/germantank}},
  note = {Accessed: 2022-12-03}
}


@incollection{hodges2014alan,
  title={{Alan Turing: the enigma}},
  author={Hodges, Andrew},
  booktitle={Alan Turing: The Enigma},
  year={2014},
  publisher={Princeton University Press}
}


@article{goodman1952serial,
  title={Serial number analysis},
  author={Goodman, Leo A},
  journal={Journal of the American Statistical Association},
  volume={47},
  number={260},
  pages={622--634},
  year={1952},
  publisher={Taylor \& Francis}
}

@article{johnson1994estimating,
  title={Estimating the size of a population},
  author={Johnson, Roger W},
  journal={Teaching Statistics},
  volume={16},
  number={2},
  pages={50--52},
  year={1994},
  publisher={Wiley Online Library}
}

@article{lee2022generalizing,
  title={Generalizing the German Tank Problem},
  author={Lee, Anthony and Miller, Steven J},
  journal={arXiv preprint arXiv:2210.15339},
  year={2022}
}

@article{nichols1992capture,
  title={Capture-recapture models},
  author={Nichols, James D},
  journal={BioScience},
  volume={42},
  number={2},
  pages={94--102},
  year={1992},
  publisher={JSTOR}
}


@article{prosdocimi2018german,
  title={German tanks and historical records: the estimation of the time coverage of ungauged extreme events},
  author={Prosdocimi, Ilaria},
  journal={Stochastic environmental research and risk assessment},
  volume={32},
  number={3},
  pages={607--622},
  year={2018},
  publisher={Springer}
}

@article{chao2001overview,
  title={An overview of closed capture-recapture models},
  author={Chao, Anne},
  journal={Journal of Agricultural, Biological, and Environmental Statistics},
  volume={6},
  number={2},
  pages={158--175},
  year={2001},
  publisher={Springer}
}


@inproceedings{fehlmann2017new,
  title={A new approach for continuously monitoring project deadlines in software development},
  author={Fehlmann, Thomas M and Kranich, Eberhard},
  booktitle={Proceedings of the 27th International Workshop on Software Measurement and 12th International Conference on Software Process and Product Measurement},
  pages={161--169},
  year={2017}
}

@book{scheaffer2013activity,
  title={Activity-based statistics: student guide},
  author={Scheaffer, Richard L and Watkins, Ann and Gnanadesikan, Mrudulla and Witmer, Jeffrey},
  year={2013},
  publisher={Springer Science \& Business Media}
}


@article{clark2021lessons,
  title={Lessons from the German Tank Problem},
  author={Clark, George and Gonye, Alex and Miller, Steven J},
  journal={The Mathematical Intelligencer},
  volume={43},
  number={4},
  pages={19--28},
  year={2021},
  publisher={Springer}
}

@article{berg2021bayesian,
  title={Bayesian Modeling Competitions for the Classroom},
  author={Berg, Arthur},
  journal={Revista Colombiana de Estad{\'\i}stica},
  volume={44},
  number={2},
  pages={243--252},
  year={2021}
}


@techreport{hohle2006bayesian,
  title={Bayesian estimation of the size of a population},
  author={H{\"o}hle, Michael and Held, Leonhard},
  year={2006},
  howpublished={\url{https://epub.ub.uni-muenchen.de/2094/1/paper_499.pdf}},
  number={499},
  institution={LMU Munich, Discussion Paper}
}

@article{gum2005estimating,
  title={Estimating the maximum},
  author={Gum, Ben and Lipton, Richard J and LaPaugh, Andrea and Fich, Faith},
  journal={Journal of Algorithms},
  volume={54},
  number={1},
  pages={105--114},
  year={2005},
  publisher={Elsevier}
}


@inproceedings{mott2016estimation,
  title={Estimation of aircraft operations at airports using nontraditional statistical approaches},
  author={Mott, John H and McNamara, Margaret L and Bullock, Darcy M},
  booktitle={2016 IEEE Aerospace Conference},
  pages={1--11},
  year={2016},
  organization={IEEE}
}


@article{gill2015estimating,
  title={{Estimating the severity of the WikiLeaks US diplomatic cables disclosure}},
  author={Gill, Michael and Spirling, Arthur},
  journal={Political Analysis},
  volume={23},
  number={2},
  pages={299--305},
  year={2015},
  publisher={Cambridge University Press}
}


@article{goodman1954some,
  title={Some practical techniques in serial number analysis},
  author={Goodman, Leo A},
  journal={Journal of the American Statistical Association},
  volume={49},
  number={265},
  pages={97--112},
  year={1954},
  publisher={Taylor \& Francis Group}
}


@article{grajalez2013great,
  title={Great moments in statistics},
  author={Grajalez, Carlos G{\'o}mez and Magnello, Eileen and Woods, Robert and Champkin, Julian},
  journal={Significance},
  volume={10},
  number={6},
  pages={21--28},
  year={2013},
  publisher={Wiley Online Library}
}

